@article{lehar2022systemic,
  title={Systemic fragility in decentralized markets},
  author={Lehar, Alfred and Parlour, Christine A},
  journal={Working Paper},
  year={2022}
}

@book{harvey2021defi,
  title={DeFi and the Future of Finance},
  author={Harvey, Campbell R and Ramachandran, Ashwin and Santoro, Joey},
  year={2021},
  publisher={John Wiley \& Sons}
}

@article{lehar2021decentralized,
  title={Decentralized exchanges},
  author={Lehar, Alfred and Parlour, Christine A},
  journal={Working Paper},
  year={2021}
}

@inproceedings{angeris2020improved,
  title={Improved price oracles: Constant function market makers},
  author={Angeris, Guillermo and Chitra, Tarun},
  booktitle={Proceedings of the 2nd ACM Conference on Advances in Financial Technologies},
  pages={80--91},
  year={2020}
}

@article{angeris2021analysis,
  title={An analysis of Uniswap markets},
  author={Angeris, Guillermo and Kao, Hsien-Tang and Chiang, Rei and Noyes, Charlie and Chitra, Tarun},
  year={2021},
  journal={Working Paper}
}

@article{aoyagi2020liquidity,
  title={Liquidity provision by automated market makers},
  author={Aoyagi, Jun},
  journal={Working Paper},
  year={2020}
}

@article{park2021conceptual,
  title={The conceptual flaws of constant product automated market making},
  author={Park, Andreas},
  journal={Working Paper},
  year={2021},
  publisher={Working paper}
}

@article{hasbrouck2022need,
  title={The need for fees at a dex: How increases in fees can increase dex trading volume},
  author={Hasbrouck, Joel and Rivera, Thomas J and Saleh, Fahad},
  journal={Working Paper},
  year={2022}
}

@article{irresberger2021public,
  title={The public blockchain ecosystem: An empirical analysis},
  author={Irresberger, Felix and John, Kose and Mueller, Peter and Saleh, Fahad},
  journal={Working Paper},
  year={2021}
}

@article{rivera2023equilibrium,
  title={Equilibrium in a DeFi Lending Market},
  author={Rivera, Thomas J and Saleh, Fahad and Vandeweyer, Quentin},
  journal={Working Paper},
  year={2023}
}

@article{park2023phantom,
  title={Phantom Liquidity in Decentralized Lending},
  author={Park, Andreas and Stinner, Jona},
  journal={Working Paper},
  year={2023}
}

@article{mueller2023defi,
  title={DeFi Leveraged Trading: Inequitable Costs of Decentralization},
  author={Mueller, Peter},
  journal={Working Paper},
  year={2023}
}

@article{gan2007real,
  title={The real effects of asset market bubbles: Loan-and firm-level evidence of a lending channel},
  author={Gan, Jie},
  journal={The Review of Financial Studies},
  volume={20},
  number={6},
  pages={1941--1973},
  year={2007},
  publisher={Society for Financial Studies}
}
@article{gan2007collateral,
  title={Collateral, debt capacity, and corporate investment: Evidence from a natural experiment},
  author={Gan, Jie},
  journal={Journal of Financial Economics},
  volume={85},
  number={3},
  pages={709--734},
  year={2007},
  publisher={Elsevier}
}

@article{khwaja2008tracing,
  title={Tracing the impact of bank liquidity shocks: Evidence from an emerging market},
  author={Khwaja, Asim Ijaz and Mian, Atif},
  journal={American Economic Review},
  volume={98},
  number={4},
  pages={1413--1442},
  year={2008},
  publisher={American Economic Association}
}

@article{jimenez2012credit,
  title={Credit supply and monetary policy: Identifying the bank balance-sheet channel with loan applications},
  author={Jim{\'e}nez, Gabriel and Ongena, Steven and Peydr{\'o}, Jos{\'e}-Luis and Saurina, Jes{\'u}s},
  journal={American Economic Review},
  volume={102},
  number={5},
  pages={2301--2326},
  year={2012},
  publisher={American Economic Association}
}

@article{berg2018got,
  title={Got rejected? Real effects of not getting a loan},
  author={Berg, Tobias},
  journal={The Review of Financial Studies},
  volume={31},
  number={12},
  pages={4912--4957},
  year={2018},
  publisher={Oxford University Press}
}

@article{alfaro2021direct,
  title={On the direct and indirect real effects of credit supply shocks},
  author={Alfaro, Laura and Garc{\'\i}a-Santana, Manuel and Moral-Benito, Enrique},
  journal={Journal of Financial Economics},
  volume={139},
  number={3},
  pages={895--921},
  year={2021},
  publisher={Elsevier}
}

@article{amiti2018much,
  title={How much do idiosyncratic bank shocks affect investment? Evidence from matched bank-firm loan data},
  author={Amiti, Mary and Weinstein, David E},
  journal={Journal of Political Economy},
  volume={126},
  number={2},
  pages={525--587},
  year={2018},
  publisher={University of Chicago Press Chicago, IL}
}

@article{gross2002liquidity,
  title={Do liquidity constraints and interest rates matter for consumer behavior? Evidence from credit card data},
  author={Gross, David B and Souleles, Nicholas S},
  journal={Quarterly Journal of Economics},
  volume={117},
  number={1},
  pages={149--185},
  year={2002},
  publisher={MIT Press}
}

@article{cookson2022shale,
  title={Shale shocked: Cash windfalls and household debt repayment},
  author={Cookson, J Anthony and Gilje, Erik P and Heimer, Rawley Z},
  journal={Journal of Financial Economics},
  volume={146},
  number={3},
  pages={905--931},
  year={2022},
  publisher={Elsevier}
}

@article{he2021household,
  title={Household liquidity constraints and labor market outcomes: Evidence from a danish mortgage reform},
  author={He, Alex Xi and Marie, Daniel Le},
  journal={Journal of Finance},
  year={2023},
  publisher={Wiley Online Library}
}

@article{bester1985screening,
  title={Screening vs. rationing in credit markets with imperfect information},
  author={Bester, Helmut},
  journal={American Economic Review},
  volume={75},
  number={4},
  pages={850--855},
  year={1985},
  publisher={JSTOR}
}

@article{ioannidou2022collateral,
  title={Collateral and asymmetric information in lending markets},
  author={Ioannidou, Vasso and Pavanini, Nicola and Peng, Yushi},
  journal={Journal of Financial Economics},
  volume={144},
  number={1},
  pages={93--121},
  year={2022},
  publisher={Elsevier}
}

@article{besanko1987collateral,
  title={Collateral and rationing: sorting equilibria in monopolistic and competitive credit markets},
  author={Besanko, David and Thakor, Anjan V},
  journal={International economic review},
  pages={671--689},
  year={1987},
  publisher={JSTOR}
}

@article{boot1994moral,
  title={Moral hazard and secured lending in an infinitely repeated credit market game},
  author={Boot, Arnoud WA and Thakor, Anjan V},
  journal={International economic review},
  pages={899--920},
  year={1994},
  publisher={JSTOR}
}


@article{besanko1987competitive,
  title={Competitive equilibrium in the credit market under asymmetric information},
  author={Besanko, David and Thakor, Anjan V},
  journal={Journal of Economic Theory},
  volume={42},
  number={1},
  pages={167--182},
  year={1987},
  publisher={Elsevier}
}

@article{barro1976loan,
  title={The loan market, collateral, and rates of interest},
  author={Barro, Robert J},
  journal={Journal of Money, Credit and Banking},
  volume={8},
  number={4},
  pages={439--456},
  year={1976},
  publisher={JSTOR}
}

@article{igawa1990asymmetric,
  title={Asymmetric information, collateral, and moral hazard},
  author={Igawa, Kazuhiro and Kanatas, George},
  journal={Journal of Financial and Quantitative Analysis},
  volume={25},
  number={4},
  pages={469--490},
  year={1990},
  publisher={Cambridge University Press}
}

@article{boot1991secured,
  title={Secured lending and default risk: equilibrium analysis, policy implications and empirical results},
  author={Boot, Arnoud WA and Thakor, Anjan V and Udell, Gregory F},
  journal={Economic Journal},
  volume={101},
  number={406},
  pages={458--472},
  year={1991},
  publisher={Oxford University Press Oxford, UK}
}

@techreport{philippon2016fintech,
  title={The fintech opportunity},
  author={Philippon, Thomas},
  year={2016},
  institution={National Bureau of Economic Research}
}

@article{silva2006log,
  title={The log of gravity},
  author={Silva, JMC Santos and Tenreyro, Silvana},
  journal={Review of Economics and Statistics},
  volume={88},
  number={4},
  pages={641--658},
  year={2006},
  publisher={The MIT Press}
}

@article{cohn2022count,
  title={Count (and count-like) data in finance},
  author={Cohn, Jonathan B and Liu, Zack and Wardlaw, Malcolm I},
  journal={Journal of Financial Economics},
  volume={146},
  number={2},
  pages={529--551},
  year={2022},
  publisher={Elsevier}
}

@article{chen2023logs,
  title={Logs with zeros? Some problems and solutions},
  author={Chen, Jiafeng and Roth, Jonathan},
  journal={Quarterly Journal of Economics},
  pages={qjad054},
  year={2023},
  publisher={Oxford University Press}
}

@article{gourieroux1984pseudo,
  title={Pseudo maximum likelihood methods: Applications to Poisson models},
  author={Gourieroux, Christian and Monfort, Alain and Trognon, Alain},
  journal={Econometrica: Journal of the Econometric Society},
  pages={701--720},
  year={1984},
  publisher={JSTOR}
}


@article{benmelech2008liquidation,
  title={Liquidation values and the credibility of financial contract renegotiation: Evidence from US airlines},
  author={Benmelech, Efraim and Bergman, Nittai K},
  journal={Quarterly Journal of Economics},
  volume={123},
  number={4},
  pages={1635--1677},
  year={2008},
  publisher={MIT Press}
}

@article{benmelech2009collateral,
  title={Collateral pricing},
  author={Benmelech, Efraim and Bergman, Nittai K},
  journal={Journal of Financial Economics},
  volume={91},
  number={3},
  pages={339--360},
  year={2009},
  publisher={Elsevier}
}

@article{cerqueiro2016collateralization,
  title={Collateralization, bank loan rates, and monitoring},
  author={Cerqueiro, Geraldo and Ongena, Steven and Roszbach, Kasper},
  journal={Journal of Finance},
  volume={71},
  number={3},
  pages={1295--1322},
  year={2016},
  publisher={Wiley Online Library}
}

@article{chaney2012collateral,
  title={The collateral channel: How real estate shocks affect corporate investment},
  author={Chaney, Thomas and Sraer, David and Thesmar, David},
  journal={American Economic Review},
  volume={102},
  number={6},
  pages={2381--2409},
  year={2012},
  publisher={American Economic Association}
}

@article{schmalz2017housing,
  title={Housing collateral and entrepreneurship},
  author={Schmalz, Martin C and Sraer, David A and Thesmar, David},
  journal={ Journal of Finance},
  volume={72},
  number={1},
  pages={99--132},
  year={2017},
  publisher={Wiley Online Library}
}

@article{mian2011house,
  title={House prices, home equity--based borrowing, and the us household leverage crisis},
  author={Mian, Atif and Sufi, Amir},
  journal={American Economic Review},
  volume={101},
  number={5},
  pages={2132--2156},
  year={2011},
  publisher={American Economic Association}
}

@article{edwards2007corporate,
  title={Corporate bond market transaction costs and transparency},
  author={Edwards, Amy K and Harris, Lawrence E and Piwowar, Michael S},
  journal={Journal of Finance},
  volume={62},
  number={3},
  pages={1421--1451},
  year={2007},
  publisher={Wiley Online Library}
}

@article{green2007financial,
  title={Financial intermediation and the costs of trading in an opaque market},
  author={Green, Richard C and Hollifield, Burton and Sch{\"u}rhoff, Norman},
  journal={Review of Financial Studies},
  volume={20},
  number={2},
  pages={275--314},
  year={2007},
  publisher={Oxford University Press}
}

@article{bessembinder2008measuring,
  title={Measuring abnormal bond performance},
  author={Bessembinder, Hendrik and Kahle, Kathleen M and Maxwell, William F and Xu, Danielle},
  journal={ Review of Financial Studies},
  volume={22},
  number={10},
  pages={4219--4258},
  year={2008},
  publisher={Society for Financial Studies}
}

@article{feldhutter2012same,
  title={The same bond at different prices: identifying search frictions and selling pressures},
  author={Feldh{\"u}tter, Peter},
  journal={ Review of Financial Studies},
  volume={25},
  number={4},
  pages={1155--1206},
  year={2012},
  publisher={Society for Financial Studies}
}

@article{cuny2018knowledge,
  title={When knowledge is power: Evidence from the municipal bond market},
  author={Cuny, Christine},
  journal={Journal of Accounting and Economics},
  volume={65},
  number={1},
  pages={109--128},
  year={2018},
  publisher={Elsevier}
}

@article{bessembinder2018capital,
  title={Capital commitment and illiquidity in corporate bonds},
  author={Bessembinder, Hendrik and Jacobsen, Stacey and Maxwell, William and Venkataraman, Kumar},
  journal={ Journal of Finance},
  volume={73},
  number={4},
  pages={1615--1661},
  year={2018},
  publisher={Wiley Online Library}
}

@article{holmstrom1997financial,
  title={Financial intermediation, loanable funds, and the real sector},
  author={Holmstrom, Bengt and Tirole, Jean},
  journal={Quarterly Journal of Economics},
  volume={112},
  number={3},
  pages={663--691},
  year={1997},
  publisher={MIT Press}
}

@article{chodorow2014employment,
  title={The employment effects of credit market disruptions: Firm-level evidence from the 2008--9 financial crisis},
  author={Chodorow-Reich, Gabriel},
  journal={Quarterly Journal of Economics},
  volume={129},
  number={1},
  pages={1--59},
  year={2014},
  publisher={MIT Press}
}


@article{dick2012corporate,
  title={Corporate bond liquidity before and after the onset of the subprime crisis},
  author={Dick-Nielsen, Jens and Feldh{\"u}tter, Peter and Lando, David},
  journal={Journal of Financial Economics},
  volume={103},
  number={3},
  pages={471--492},
  year={2012},
  publisher={Elsevier}
}

@article{o2021electronic,
  title={The electronic evolution of corporate bond dealers},
  author={O'Hara, Maureen and Zhou, Xing Alex},
  journal={Journal of Financial Economics},
  volume={140},
  number={2},
  pages={368--390},
  year={2021},
  publisher={Elsevier}
}

@article{dehaan2023retail,
  title={Retail bond investors and credit ratings},
  author={deHaan, Ed and Li, Jiacui and Watts, Edward M},
  journal={Journal of Accounting and Economics},
  pages={101587},
  year={2023},
  publisher={Elsevier}
}

@techreport{aramonte2022defi,
  title={DeFi lending: intermediation without information?},
  author={Aramonte, Sirio and Doerr, Sebastian and Huang, Wenqian and Schrimpf, Andreas},
  year={2022},
  institution={Bank for International Settlements}
}

@article{cong2023crypto,
  title={Crypto wash trading},
  author={Cong, Lin William and Li, Xi and Tang, Ke and Yang, Yang},
  journal={Management Science},
  volume={69},
  number={11},
  pages={6427--6454},
  year={2023},
  publisher={INFORMS}
}

@article{li2021cryptocurrency,
  title={Cryptocurrency pump-and-dump schemes},
  author={Li, Tao and Shin, Donghwa and Wang, Baolian},
  journal={Available at SSRN 3267041},
  year={2021}
}

@misc{haig2021ethereum,
  title={Ethereum posts new highs as DeFi gas fees go through the roof.”},
  author={Haig, Samuel},
  year={2021},
  publisher={Cointelegraph}
}

@article{griffin2020bitcoin,
  title={Is Bitcoin really untethered?},
  author={Griffin, John M and Shams, Amin},
  journal={The Journal of Finance},
  volume={75},
  number={4},
  pages={1913--1964},
  year={2020},
  publisher={Wiley Online Library}
}


@techreport{abadi2018blockchain,
  title={Blockchain economics},
  author={Abadi, Joseph and Brunnermeier, Markus},
  year={2018},
  institution={National Bureau of Economic Research}
}

@incollection{chen2021brief,
  title={A brief introduction to blockchain economics},
  author={Chen, Long and Cong, Lin William and Xiao, Yizhou},
  booktitle={Information for Efficient Decision Making: Big Data, Blockchain and Relevance},
  pages={1--40},
  year={2021},
  publisher={World Scientific}
}

@article{hinzen2022bitcoin,
  title={Bitcoin’s limited adoption problem},
  author={Hinzen, Franz J and John, Kose and Saleh, Fahad},
  journal={Journal of Financial Economics},
  volume={144},
  number={2},
  pages={347--369},
  year={2022},
  publisher={Elsevier}
}

@techreport{cong2023inclusion,
  title={Inclusion and democratization through web3 and defi? initial evidence from the ethereum ecosystem},
  author={Cong, Lin William and Tang, Ke and Wang, Yanxin and Zhao, Xi},
  year={2023},
  institution={National Bureau of Economic Research}
}

@article{bian2021margin,
  title={Margin trading and leverage management},
  author={Bian, Jiangze and Da, Zhi and He, Zhiguo and Lou, Dong and Shue, Kelly and Zhou, Hao},
  journal={University of Chicago, Becker Friedman Institute for Economics Working Paper},
  number={2021-29},
  year={2021}
}

@article{fortune2000margin,
  title={Margin requirements, margin loans, and margin rates: Practice and principles},
  author={Fortune, Peter and others},
  journal={New England Economic Review},
  pages={19--44},
  year={2000},
  publisher={Federal Reserve Bank of Boston}
}

@article{hardouvelis1990margin,
  title={Margin requirements, volatility, and the transitory component of stock prices},
  author={Hardouvelis, Gikas A},
  journal={ American Economic Review},
  pages={736--762},
  year={1990},
  publisher={JSTOR}
}

@article{hardouvelis2002asymmetric,
  title={The asymmetric relation between initial margin requirements and stock market volatility across bull and bear markets},
  author={Hardouvelis, Gikas A and Theodossiou, Panayiotis},
  journal={ Review of Financial Studies},
  volume={15},
  number={5},
  pages={1525--1559},
  year={2002},
  publisher={Oxford University Press}
}

@article{kahraman2020margin,
  title={Margin trading and comovement during crises},
  author={Kahraman, Bige and Tookes, Heather},
  journal={Review of Finance},
  volume={24},
  number={4},
  pages={813--846},
  year={2020},
  publisher={Oxford University Press}
}

@article{chen2023pledgeability,
  title={Pledgeability and asset prices: Evidence from the Chinese corporate bond markets},
  author={Chen, Hui and Chen, Zhuo and He, Zhiguo and Liu, Jinyu and Xie, Rengming},
  journal={ Journal of Finance},
  volume={78},
  number={5},
  pages={2563--2620},
  year={2023},
  publisher={Wiley Online Library}
}

@article{heimer2022biased,
  title={Biased by choice: How financial constraints can reduce financial mistakes},
  author={Heimer, Rawley Z and Imas, Alex},
  journal={ Review of Financial Studies},
  volume={35},
  number={4},
  pages={1643--1681},
  year={2022},
  publisher={Oxford University Press}
}

@article{heimer2019should,
  title={Should retail investors’ leverage be limited?},
  author={Heimer, Rawley and Simsek, Alp},
  journal={Journal of Financial Economics},
  volume={132},
  number={3},
  pages={1--21},
  year={2019},
  publisher={Elsevier}
}

@article{ TheRapidGrowthofFintech,
      author = "IMF",
      title = "The Rapid Growth of Fintech",
      booktitle = "Global Financial Stability Report, April 2022",
      year = "2022",
      publisher = "International Monetary Fund",
      address = "USA",
      isbn = "9798400205293",
      doi = "10.5089/9798400205293.082.CH003",
      pages=      "Chapter 3",
  journal={Global Financial Stability Report, April 2022},
      url = "https://www.elibrary.imf.org/view/book/9798400205293/CH003.xml"

}

@article{cong2019blockchain,
  title={Blockchain disruption and smart contracts},
  author={Cong, Lin William and He, Zhiguo},
  journal={ Review of Financial Studies},
  volume={32},
  number={5},
  pages={1754--1797},
  year={2019},
  publisher={Oxford University Press}
}

@article{chiu2019blockchain,
  title={Blockchain-based settlement for asset trading},
  author={Chiu, Jonathan and Koeppl, Thorsten V},
  journal={ Review of Financial Studies},
  volume={32},
  number={5},
  pages={1716--1753},
  year={2019},
  publisher={Oxford University Press}
}

@article{yermack2017corporate,
  title={Corporate governance and blockchains},
  author={Yermack, David},
  journal={Review of Finance},
  volume={21},
  number={1},
  pages={7--31},
  year={2017},
  publisher={Oxford University Press}
}

@inproceedings{tovanich2023contagion,
  title={Contagion in Decentralized Lending Protocols: A Case Study of Compound},
  author={Tovanich, Natkamon and Kassoul, Myriam and Weidenholzer, Simon and Prat, Julien},
  booktitle={Proceedings of the 2023 Workshop on Decentralized Finance and Security},
  pages={55--63},
  year={2023}
}

@article{carre2023security,
  title={Security and Efficiency in DeFi Lending},
  author={Carr{\'e}, Sylvain and Gabriel, Franck},
  journal={Universit{\'e} Paris-Dauphine Research Paper},
  number={4307207},
  year={2023}
}